@incollection{metzler18random,
  author = {Metzler, Saskia and Miettinen, Pauli},
  title = {Random Graph Generators for Hyperbolic Community Structures},
  booktitle = {{Proc. 7th International Conference on Complex Networks and Their Applications (COMPLEX NETWORKS 2018)}},
  editor = {Aiello, L. and Cherifi, C. and Cherifi, H. and Lambiotte, R. and Li{\'o}, P. and Rocha, L.},
  publisher = {Springer},
  address = {Cham},
  year = {2018},
  pages = {680-693},
  doi = {10.1007/978-3-030-05411-3_54},
}
@article{kalofolias18from,
  author = {Kalofolias, Janis and Galbrun, Esther and Miettinen, Pauli},
  title = {From sets of good redescriptions to good sets of redescriptions},
  journal = {Knowl. Inf. Syst.},
  volume = 57,
  number = 1,
  pages = {21--54},
  year = 2018,
  doi = {10.1007/s10115-017-1149-7},
}
