@article{DBLP:journals/corr/cs-CE-0311048,
  author    = {Deept Kumar and
               Naren Ramakrishnan and
               Malcolm Potts and
               Richard F. Helm},
  title     = {Turning CARTwheels: An Alternating Algorithm for Mining Redescriptions},
  journal   = {CoRR},
  volume    = {cs.CE/0311048},
  year      = {2003},
  url       = {http://arxiv.org/abs/cs/0311048},
  timestamp = {Fri, 10 Jan 2020 12:57:59 +0100},
  biburl    = {https://dblp.org/rec/journals/corr/cs-CE-0311048.bib},
  bibsource = {dblp computer science bibliography, https://dblp.org}
}

@inproceedings{ramakrishnan_turning_2004,
	title = {Turning {CARTwheels}: an alternating algorithm for mining redescriptions},
	pages = {266--275},
    doi = {10.1145/1014052.1014083},
	booktitle = {Proceedings of the 10th {ACM} {SIGKDD} International Conference on Knowledge Discovery and Data Mining, {KDD}'04},
	author = {Ramakrishnan, Naren and Kumar, Deept and Mishra, Bud and Potts, Malcolm and Helm, Richard F},
	year = {2004}
}

@book{galbrun2018redescription,
  title={Redescription Mining},
  author={Galbrun, E. and Miettinen, P.},
  isbn={9783319728896},
  series={SpringerBriefs in Computer Science},
  url={https://books.google.fi/books?id=oJ1GDwAAQBAJ},
  year={2018},
  publisher={Springer International Publishing}
}

@article{10.2307/4072271,
    author = {Grinnell, Joseph},
    title = "{The Niche-Relationships of the California Thrasher}",
    journal = {The Auk},
    volume = {34},
    number = {4},
    pages = {427-433},
    year = {1917},
    month = {10},
    issn = {0004-8038},
    doi = {10.2307/4072271},
    url = {https://doi.org/10.2307/4072271},
    eprint = {https://academic.oup.com/auk/article-pdf/34/4/427/27570848/auk0427.pdf},
}

@phdthesis{Galbrun-Methods,
title = "Methods for Redescription Mining",
keywords = "113 Computer and information sciences",
school="University of Helsinki",
author = "Esther Galbrun",
year = "2013",
language = "English",
isbn = "978-952-10-9430-9",
series = "Series of Publications A",
publisher = "University of Helsinki, Department of Computer Science",
number = "A-2013-11",
address = "Finland",
}