@misc{natbib,
  title = "natbib -- Flexible bibliography support",
  author = "Daly, Patrick W. and Ogawa, Arthur",
  year = 2009,
  url = "https://ctan.org/pkg/natbib",
  urldate = {2019-10-02},
}

@book{reid06zero,
  title = "From Zero to Infinity: What Makes Numbers Interesting",
  author = "Reid, Constance",
  publisher = "A K Peters/CRC Press",
  address = "New York",
  year = 2006,
}

@article{euler36solutio,
  author = "Euler, Leonhard",
  year = "1741",
  title = "Solutio problematis ad geometriam situs pertinentis",
  journal = "Commentarii academiae scientiarum Petropolitanae",
  volume = 8,
  pages = "128--140",
}

@article{hierholzer73ueber,
  author = "Hierholzer, Carl",
  year = 1873, 
  title = "Ueber die MÃ¶glichkeit, einen Linienzug ohne Wiederholung und ohne Unterbrechung zu umfahren", 
  journal = "Mathematische Annalen", 
  volume = 6,
  number = 1,
  pages =  "30--32",
}